%%%%%%%%%%%%%%%%%%%%%%%%%%%%%%%%%%%%%%%%%%%%%%%%%%%%%%%%%%%%%%%%%%%%%%%%
%%%%%%%%%%%%%%%%%%%%%%%%%%%%%%%%%% NGOs %%%%%%%%%%%%%%%%%%%%%%%%%%%%%%%%
%%%%%%%%%%%%%%%%%%%%%%%%%%%%%%%%%%%%%%%%%%%%%%%%%%%%%%%%%%%%%%%%%%%%%%%%
@misc{unitednations2020hdr,
  title={Human Development Report 2020},
  author= "{United Nations Development Programme (UNDP)}",
  year={2020},
  howpublished = {\url{http://hdr.undp.org/sites/default/files/hdr2020.pdf}}
}

@misc{un2011guidingprinciples,
    author = "{United Nations Human Rights}",
    title = {Guiding Principles on Business and Human Rights: Implementing the United Nations ``Protect, Respect and Remedy Framework"},
    year = 2011,
    howpublished = {\url{https://www.ohchr.org/documents/publications/guidingprinciplesbusinesshr_en.pdf}}
}

@misc{unfccc2009kyoto,
  title={Kyoto protocol reference manual on accounting of emissions and assigned amount},
  author="{United Nations Framework Convention on Climate Change (UNFCCC)}",
  address={Geneva, Switzerland},
  year={2009},
  institution={UNFCCC},
  howpublished = {\url{https://unfccc.int/sites/default/files/08_unfccc_kp_ref_manual.pdf}}
}

@misc{unfccc2015paris,
  title={Paris Agreement},
  author="{United Nations Framework Convention on Climate Change (UNFCCC)}",
  address={Geneva, Switzerland},
  year={2015},
  institution={UNFCCC},
  howpublished = {\url{https://unfccc.int/files/meetings/paris_nov_2015/application/pdf/paris_agreement_english_.pdf}}
}

@article{owidinternet,
    author = {Max Roser, Hannah Ritchie and Esteban Ortiz-Ospina},
    title = {Internet},
    journal = {Our World in Data},
    year = {2015},
    note = {\url{https://ourworldindata.org/internet}}
}

@misc{ITU2019statistics,
    author = "{The International Telecommunication Union (ITU)}",
    title = {Statistics},
    year = 2019,
    howpublished = {\url{https://www.itu.int/en/ITU-D/Statistics/Pages/stat/default.aspx}},
    note = {[Online; accessed 23-February-2021]}
}

@misc{packetstale2013,
    author = "{World Science Festival}",
    title = {A Packet's Tale. How Does the Internet Work?},
    year = 2013,
    howpublished = {\url{https://www.youtube.com/watch?v=ewrBalT_eBM}},
    note = {[Online; accessed 11-March-2021]}
}

@misc{mapIXP2021,
    author = "{TeleGeography}",
    title = {Internet Exchange Map},
    year = 2021,
    howpublished = {\url{https://www.internetexchangemap.com/}},
    note = {[Online; accessed 11-March-2021]}
}

@misc{mapsubmarinecables2021,
    author = "{TeleGeography}",
    title = {Submarine Cable Map},
    year = 2021,
    howpublished = {\url{https://www.submarinecablemap.com/}},
    note = {[Online; accessed 11-March-2021]}
}

@misc{earthovershoot2020,
    author = "{Earth Overshoot Day}",
    title = {About},
    year = 2020,
    howpublished = {\url{https://www.overshootday.org/about/}},
    note = {[Online; accessed 24-February-2021]}
}

@misc{ecologicalfootprint2021,
    author = "{Global Footprint Network}",
    title = {Ecological Footprint},
    year = 2021,
    howpublished = {\url{https://www.footprintnetwork.org/our-work/ecological-footprint/#worldfootprint}},
    note = {[Online; accessed 24-February-2021]}
}

@article{guinee2000life,
  title={Life cycle assessment},
  author={Guin{\'e}e, Jeroen B and Heijungs, Reinout},
  journal={Kirk-Othmer Encyclopedia of Chemical Technology},
  year={2000},
  publisher={Wiley Online Library}
}

@misc{statista2021phones,
    author = "{Statista}",
    title = {Number of smartphones sold to end users worldwide from 2007 to 2021},
    year = 2021,
    howpublished = {\url{https://www.statista.com/statistics/263437/global-smartphone-sales-to-end-users-since-2007/}},
    note = {[Online; accessed 25-February-2021]}
}

@misc{statista2021electronicsship,
    author = "{Statista}",
    title = {Global major consumer electronic device shipments from 2015 to 2022 (in billion units)},
    year = 2021,
    howpublished = {\url{https://www.statista.com/statistics/220120/global-mobile-device-sales-forecast-by-device/}},
    note = {[Online; accessed 25-February-2021]}
}

@misc{compoundinterest2014,
    author = "{Compound Interest}",
    title = {The Chemical Elements of a Smartphone},
    year = 2014,
    howpublished = {\url{http://www.compoundchem.com/2014/02/19/the-chemical-elements-of-a-smartphone/}},
    note = {[Online; accessed 25-February-2021]}
}

@misc{geointro,
    author = "{Geological Survey of Sweden (SGU)}",
    title = {{Geointro, Lecture 4: Mining Waste}},
    howpublished = {\url{https://www.sgu.se/en/geointro/lecture-4-mining-waste/}},
    note = {[Online; accessed 4-March-2021]}
}

@misc{amnesty2016drc,
  title={This is What We Die For: Human Rights Abuses in the Democratic Republic of the Congo Power The Global Trade in Cobalt},
  author= "{Amnesty International}",
  year={2016},
  howpublished = {\url{https://www.amnesty.org/en/documents/afr62/3183/2016/en/}},
  note = {[Online; accessed 9-March-2021]}
}

@misc{oced2016duediligence,
    author = "{Organisation of Economic Co-Operation and Development (OCED)}",
    title = {OECD Due Diligence Guidance for Responsible Supply Chains of Minerals from Conflict-Affected and High-Risk Areas},
    year = 2016,
    howpublished = {\url{https://www.oecd.org/corporate/mne/mining.htm}},
    note = {[Online; accessed 9-March-2021]}
}

@misc{ec2020duediligence,
    author = "{European Commission}",
    title = {Due diligence obligations to prevent harm from minerals and metals mining in conflict and high risk areas},
    year = 2020,
    howpublished = {\url{https://ec.europa.eu/international-partnerships/stories/due-diligence-obligations-prevent-harm-minerals-and-metals-mining-conflict-and-high-risk_en}},
    note = {[Online; accessed 9-March-2021]}
}

@misc{eu2014criticalmaterials,
  title={Report of the Ad hoc Working Group on defining critical raw materials},
  author= "{European Commission}",
  year={2014},
  howpublished = {\url{https://ec.europa.eu/docsroom/documents/10010/attachments/1/translations/en/renditions/pdf}},
note = {[Online; accessed 9-March-2021]}
}

@misc{cfsi2016cfsp,
    author = "{Conflict-Free Sourcing Initiative}",
    title = {The CFSI’s Conflict-Free Smelter Program},
    year = 2016,
    howpublished = {\url{http://www.responsiblemineralsinitiative.org/media/Low\%20Risk%20Program%20-%20Public%20Consultation.pdf}},
    note = {[Online; accessed 9-March-2021]}
}

@misc{anrc2016chilecasestudy,
    author = "{African Natural Resources Center (ANRC)}",
    title = {Chile’s fiscal policy and mining revenue},
    year = 2016,
    howpublished = {\url{https://www.afdb.org/fileadmin/uploads/afdb/Documents/Publications/anrc/CHILE_CASESTUDY_ENG__HR_PAGES.pdf}},
    note = {[Online; accessed 9-March-2021]}
}

@misc{ban2016usrecyclingexport,
    author = "{Basel Action Network}",
    title = {Scam Recycling: e-Dumping on Asia by US Recylers},
    year = 2016,
    howpublished = {\url{http://wiki.ban.org/images/1/12/ScamRecyclingReport-web.pdf}},
    note = {[Online; accessed 18-March-2021]}
}

@misc{ban2018carecyclingexport,
    author = "{Basel Action Network}",
    title = {Export of e-Waste from Canada: A Story as Told by GPS trackers},
    year = 2018,
    howpublished = {\url{http://wiki.ban.org/images/8/8b/Export_of_e-Waste_from_Canada_-_A_Story_as_Told_by_GPS_Trackers.pdf}},
    note = {[Online; accessed 18-March-2021]}
}

@misc{baselconvention2011,
    author = "{Basel Convention}",
    title = {Overview},
    year = 2011,
    howpublished = {\url{http://www.basel.int/TheConvention/Overview/tabid/1271/Default.aspx}},
    note = {[Online; accessed 18-March-2021]}
}

@misc{baselconvention2011ratify,
    author = "{Basel Convention}",
    title = {Parties to the Basel Convention on the Control of Transboundary Movements of Hazardous Wastes and their Disposal},
    year = 2011,
    howpublished = {\url{http://www.basel.int/?tabid=4499}},
    note = {[Online; accessed 18-March-2021]}
}

@misc{greenpeace2005guiyuewaste,
    author = "{Greenpeace}",
    title = {Toxics e-Waste Documentation in China},
    year = 2005,
    howpublished = {\url{https://media.greenpeace.org/archive/Toxics-e-Waste-Documentation-in-China-27MZIFMMHHM.html}},
    note = {[Online; accessed 29-March-2021]}
}

@misc{zerowastecanada2017hierarchy,
    author = "{Zero Waste Canada}",
    title = {Zero Waste Hierarchy},
    year = 2017,
    howpublished = {\url{https://zerowastecanada.ca/tag/zero-waste-hierarchy/}},
    note = {[Online; accessed 31-March-2021]}
}

@misc{logicalfallacies2021,
    author = "{The School of Thought}",
    title = {Thou Shalt Not Commit Logical Fallacies},
    year = 2021,
    howpublished = {\url{https://yourlogicalfallacyis.com/}},
    note = {[Online; accessed 16-April-2021]}
}

@misc{cognitivebias2021,
    author = "{The School of Thought}",
    title = {Thou Shalt Not Suffer Cognitive Biases},
    year = 2021,
    howpublished = {\url{https://yourbias.is/confirmation-bias}},
    note = {[Online; accessed 16-April-2021]}
}

@misc{skepticalscientist2021antarticaice,
    author = "{Skeptical Scientist}",
    title = {Is Antarctica losing or gaining ice?},
    year = 2021,
    howpublished = {\url{https://skepticalscience.com/antarctica-gaining-ice-intermediate.htm}},
    note = {[Online; accessed 16-April-2021]}
}

@article{hayes2008cloud,
    author = {Hayes, Brian},
    title = {Cloud computing},
    journal = {Association for Computing Machinery (ACM)},
    volume = {51},
    number = {7},
    pages = {9-11},
    year = {2008},
    doi = {10.1145/1364782.1364786},
    URL = {https://cacm.acm.org/magazines/2008/7/5368-cloud-computing/fulltext}
}

%%%%%%%%%%%%%%%%%%%%%%%%%%%%%%%%%%%%%%%%%%%%%%%%%%%%%%%%%%%%%%%%%%%%%%%%
%%%%%%%%%%%%%%%%%%%%%%%%%%%%% Web Articles %%%%%%%%%%%%%%%%%%%%%%%%%%%%%
%%%%%%%%%%%%%%%%%%%%%%%%%%%%%%%%%%%%%%%%%%%%%%%%%%%%%%%%%%%%%%%%%%%%%%%%
@misc{ciraig2020LCA,
    author = "{Centre International de R\'ef\'erence sur le cycle de vie des produits, proc\'ed\'es et services (CIRAIG)}",
    title = {Life Cycle Assessment},
    year = 2020,
    howpublished = {\url{https://ciraig.org/index.php/life-cycle-assessment/}},
    note = {[Online; accessed 25-January-2021]}
}

@misc{techtarget2020ICT,
    author = {Pratt, Mary K},
    title = {ICT (information and communications technology, or technologies)},
    howpublished = {TechTarget. \url{https://searchcio.techtarget.com/definition/ICT-information-and-communications-technology-or-technologies}},
    year = 2019,
    note = {[Online; accessed 25-January-2021]}
}

@misc{naughton2010internet,
    author = {Naughton, John},
    title = {The internet: Everything you ever need to know},
    year = {2010},
    howpublished={\url{https://www.theguardian.com/technology/2010/jun/20/internet-everything-need-to-know}},
    note = {[Online; accessed 25-January-2021]}
}

@misc{irishtimes2016datacentre,
    author = {Lillington, Karlin},
    title = {Data centre growth comes at price for Irish infrastructure},
    year = 2016,
    howpublished = {The Irish Times. \url{https://www.irishtimes.com/business/technology/data-centre-growth-comes-at-price-for-irish-infrastructure-1.2759291}},
    note = {[Online; accessed 22-February-2021]}
}

@misc{physorg2012scarcemetals,
    author = "{Phys.org}",
    title = {No future without scarce metals},
    year = 2012,
    howpublished = {\url{https://phys.org/news/2012-01-future-scarce-metals.html}},
    note = {[Online; accessed 25-February-2021]}
}

@misc{eja2020bayanobo,
    author = "{Environmental Justice Atlas}",
    title = {Bayan Obo world biggest rare earths mine, Baotou, Inner Mongolia, China},
    year = 2020,
    howpublished = {\url{https://www.ejatlas.org/print/bayan-obo-world-biggest-rare-earths-mine-baogang-group-baotou-inner-mongolia-china}},
    note = {[Online; accessed 8-March-2021]}
}

@misc{dailymail2011bayanobo,
    author = {Parry, Simon and Douglas, Ed},
    title = {In China, the true cost of Britain's clean, green wind power experiment: Pollution on a disastrous scale},
    year = 2011,
    howpublished = {Daily Mail. \url{https://www.dailymail.co.uk/home/moslive/article-1350811/In-China-true-cost-Britains-clean-green-wind-power-experiment-Pollution-disastrous-scale.html#ixzz3p2z9nT2a}},
    note = {[Online; accessed 8-March-2021]}
}

@misc{financialtimes2021REE,
    author = {Yu, Sun and Sevastopulo, Demetri},
    title = {China targets rare earth export curbs to hobble US defence industry},
    year = 2021,
    howpublished = {Financial Times. \url{https://www.ft.com/content/d3ed83f4-19bc-4d16-b510-415749c032c1}},
    note = {[Online; accessed 8-March-2021]}
}

@misc{cfr2021congoconflict,
    author = "{Council on Foreign Relations}",
    title = {Violence in the Democratic Republic of Congo},
    year = 2021,
    howpublished = {\url{https://www.cfr.org/global-conflict-tracker/conflict/violence-democratic-republic-congo}},
    note = {[Online; accessed 8-March-2021]}
}

@misc{financialtimes2018nationalsword,
    author = {Hook, Leslie and Reed, John},
    title = {Why the world’s recycling system stopped working},
    year = 2018,
    howpublished = {Financial Times. \url{https://www.ft.com/content/360e2524-d71a-11e8-a854-33d6f82e62f8}},
    note = {[Online; accessed 23-March-2021]}
}

@misc{cbc2019hornesmelter,
    author = {MacKinnon, Catou and Page, Julia},
    title = {Children living near Rouyn-Noranda, Que., smelter overexposed to arsenic and lead, study shows},
    year = 2019,
    howpublished = {The Canadian Broadcasting Corporation (CBC). \url{https://www.cbc.ca/news/canada/montreal/rouyn-noranda-lead-arsenic-levels-children-public-health-1.5135744}},
    note = {[Online; accessed 30-March-2021]}
}

@misc{EUrighttorepair2021,
    author = {Mikolajczak, Chloe\'},
    title = {New Ecodesign regulations: 5 reasons Europe still doesn’t have the Right to Repair},
    year = 2021,
    howpublished = {Right to Repair. \url{https://repair.eu/news/new-ecodesign-regulations-5-reasons-europe-still-doesnt-have-the-right-to-repair/}},
    note = {[Online; accessed 31-March-2021]}
}

@misc{CArighttorepair2020fail,
    author = {Wilkinson, Sabrina},
    title = {When will Canadians have the right to repair?},
    year = 2020,
    howpublished = {Canadian Centre for Policy Alternatives (CCPA). \url{https://www.policyalternatives.ca/publications/monitor/when-will-canadians-have-right-repair}},
    note = {[Online; accessed 31-March-2021]}
}

@misc{CArighttorepair2021national,
    author = {Karadeglija, Anja},
    title = {Liberal MP's private member’s bill seeks to give consumers `right to repair' their smart devices},
    year = 2021,
    howpublished = {National Post. \url{https://nationalpost.com/news/politics/right-to-repair}},
    note = {[Online; accessed 31-March-2021]}
}

@misc{cnet2020gamingconsoles,
    author = {Ryan, Jackson},
    title = {PS5, Xbox Series X and the climate crisis facing next-gen video games},
    year = 2020,
    howpublished = {Computer Netowrk (CNET). \url{https://www.cnet.com/features/ps5-xbox-series-x-and-the-climate-crisis-facing-next-gen-video-games/}},
    note = {[Online; accessed 5-April-2021]}
}

@misc{webfx2016lifespanICT,
    author = "{WebFX}",
    title = {How Many Devices Will You Use in Your Life?},
    year = 2016,
    howpublished = {\url{https://www.webfx.com/blog/general/how-many-devices-will-you-use-in-your-life/}},
    note = {[Online; accessed 6-April-2021]}
}

@misc{nationalgeographic2014IPAT,
    author = {Dimick, Dennis},
    title = {As World’s Population Booms, Will Its Resources Be Enough for Us?},
    year = 2014,
    howpublished = {National Geographic. \url{https://www.nationalgeographic.com/science/article/140920-population-11billion-demographics-anthropocene}},
    note = {[Online; accessed 6-April-2021]}
}

@misc{forbes2018bigdata,
    author = {Marr, Bernard},
    title = {How much data do we create every day? The mind-blowing stats everyone should read},
    year = 2018,
    howpublished = {Forbes. \url{https://www.forbes.com/sites/bernardmarr/2018/05/21/how-much-data-do-we-create-every-day-the-mind-blowing-stats-everyone-should-read/?sh=4da93e660ba9}},
    note = {[Online; accessed 16-April-2021]}
}

@misc{businessinsider2020georgefloyd,
    author = {Holmes, Aaron},
    title = {Leaked documents show how police used social media to track George Floyd protesters},
    year = 2020,
    howpublished = {Business Insider. \url{https://www.businessinsider.com/blueleaks-how-cops-tracked-george-floyd-protesters-on-social-media-2020-6}},
    note = {[Online; accessed 16-April-2021]}
}

@misc{CNBC2020twitterclimatechange,
    author = {Stevens, Pippa},
    title = {Scientists are using Twitter to measure the impact of climate change},
    year = 2020,
    howpublished = {Consumer News and Business Channel (CNBC). \url{https://www.cnbc.com/2020/02/09/scientists-are-using-twitter-to-measure-the-impact-of-climate-change.html}},
    note = {[Online; accessed 16-April-2021]}
}

@misc{washingtonpost2016mann,
    author = {Mann, Michael},
    title = {I’m a scientist who has gotten death threats. I fear what may happen under Trump.},
    year = 2016,
    howpublished = {The Washington Post. \url{https://www.washingtonpost.com/opinions/this-is-what-the-coming-attack-on-climate-science-could-look-like/2016/12/16/e015cc24-bd8c-11e6-94ac-3d324840106c_story.html}},
    note = {[Online; accessed 16-April-2021]}
}

@misc{scientificamerican2018biassocialmedia,
    author = {Ciampaglia, Giovanni Luca and Menczer, Filippo},
    title = {Biases Make People Vulnerable to Misinformation Spread by Social Media},
    year = 2018,
    howpublished = {Scientific American. \url{https://www.scientificamerican.com/article/biases-make-people-vulnerable-to-misinformation-spread-by-social-media/}},
    note = {[Online; accessed 16-April-2021]}
}

@misc{guardian2018darkmoney,
    author = {Goldenberg, Suzanne},
    title = {Secret Funding Helped Build Vast Network of Climate Denial Thinktanks},
    year = 2018,
    howpublished = {The Guardian. \url{https://www.theguardian.com/environment/2013/feb/14/funding-climate-change-denial-thinktanks-network}},
    note = {[Online; accessed 16-April-2021]}
}

@misc{cfib2021torontolockdown,
    author = "{Canadian Federation of Independent Business (CFIB)}",
    title = {CFIB statement on 100 straight days of winter lockdowns},
    year = 2021,
    howpublished = {\url{https://www.cfib-fcei.ca/en/media/news-releases/cfib-statement-100-straight-days-winter-lockdowns}},
    note = {[Online; accessed 23-April-2021]}
}

@misc{purdy2015environmentalracism,
    author = {Purdy, Jedediah},
    title = {Environmentalism's Racist History},
    year = 2015,
    howpublished = {The New Yorker. \url{https://www.newyorker.com/news/news-desk/environmentalisms-racist-history}},
    note = {[Online; accessed 23-April-2021]}
}

%%%%%%%%%%%%%%%%%%%%%%%%%%%%%%%%%%%%%%%%%%%%%%%%%%%%%%%%%%%%%%%%%%%%%%%%
%%%%%%%%%%%%%%%%%%%%%%%%%%%%%%%%% Other %%%%%%%%%%%%%%%%%%%%%%%%%%%%%%%%
%%%%%%%%%%%%%%%%%%%%%%%%%%%%%%%%%%%%%%%%%%%%%%%%%%%%%%%%%%%%%%%%%%%%%%%%
@misc{intel2011makingachip,
    author = "{Intel Corporation}",
    title = {From Sand to Silicon ``Making of a Chip" Illustrations},
    year = 2011,
    howpublished = {\url{https://download.intel.com/newsroom/kits/chipmaking/pdfs/Sand-to-Silicon_32nm-Version.pdf}},
    note = {[Online; accessed 12-March-2021]}
}

%%%%%%%%%%%%%%%%%%%%%%%%%%%%%%%%%%%%%%%%%%%%%%%%%%%%%%%%%%%%%%%%%%%%%%%%
%%%%%%%%%%%%%%%%%%%%%%%%%%%%%%%%% Books %%%%%%%%%%%%%%%%%%%%%%%%%%%%%%%%
%%%%%%%%%%%%%%%%%%%%%%%%%%%%%%%%%%%%%%%%%%%%%%%%%%%%%%%%%%%%%%%%%%%%%%%%
@book{meadows2008thinking,
  title={Thinking in Systems: A Primer},
  author={Meadows, Donella H},
  year={2008},
  publisher={Chelsea Green Publishing}
}

@book{walker2012resilience,
  title={Resilience thinking: sustaining ecosystems and people in a changing world},
  author={Walker, Brian and Salt, David},
  year={2012},
  publisher={Island press}
}

@book{zuboff2019surveillance,
  title={The age of surveillance capitalism: the fight for a human future at the new frontier of power},
  author={Zuboff, Shoshana},
  year={2019},
  publisher={PublicAffairs}
}

@book{blum2012tubes,
  title={Tubes: a Journey to the Center of the Internet},
  author={Blum, Andrew},
  year={2012},
  publisher={HarperCollins Publishers}
}

@book{naughton2012gutenberg,
  title={From Gutenberg to Zuckerberg: Disruptive Innovation in the Age of the Internet},
  author={Naughton, John},
  year={2012},
  publisher={Quercus}
}

@book{franklin1999worldoftech,
  title={The Real World of Technology },
  author={Franklin, Ursula M},
  year={1999},
  publisher={Anansi}
}

@book{odell2019doingnothing,
  title={How to Do Nothing : Resisting the Attention Economy},
  author={Odell, Jenny},
  year={2019},
  publisher={Melville House}
}

@book{bournay2006vital,
  title={Vital waste graphics 2},
  author={Bournay, Emmanuelle},
  volume={2},
  year={2006},
  publisher={UNEP/Earthprint}
}

@book{nzongola2002congo,
  title={The Congo from Leopold to Kabila: a people's history},
  author={Nzongola-Ntalaja, Georges},
  year={2002},
  publisher={Zed Books}
}

@book{chiellini2008environmentally,
  title={Environmentally compatible food packaging},
  author={Chiellini, Emo},
  year={2008},
  publisher={Elsevier}
}

@book{boyle2004renewable,
  title={Renewable energy},
  author={Boyle, Godfrey},
  year={2004},
  publisher={Oxford University Press}
}

@book{vaidhyanathan2018antisocial,
  title={Antisocial media: How Facebook disconnects us and undermines democracy},
  author={Vaidhyanathan, Siva},
  year={2018},
  publisher={Oxford University Press}
}

@book{dennis2019beyond,
  title={Beyond Slacktivism},
  author={Dennis, James and Dennis, James and Finotello},
  year={2019},
  publisher={Springer}
}

%%%%%%%%%%%%%%%%%%%%%%%%%%%%%%%%%%%%%%%%%%%%%%%%%%%%%%%%%%%%%%%%%%%%%%%%
%%%%%%%%%%%%%%%%%%%%%%%%%% Scientific Articles %%%%%%%%%%%%%%%%%%%%%%%%%
%%%%%%%%%%%%%%%%%%%%%%%%%%%%%%%%%%%%%%%%%%%%%%%%%%%%%%%%%%%%%%%%%%%%%%%%
@article{finnveden2009recent,
  title={Recent developments in life cycle assessment},
  author={Finnveden, G{\"o}ran and Hauschild, Michael Z and Ekvall, Tomas and Guin{\'e}e, Jeroen and Heijungs, Reinout and Hellweg, Stefanie and Koehler, Annette and Pennington, David and Suh, Sangwon},
  journal={Journal of environmental management},
  volume={91},
  number={1},
  pages={1--21},
  year={2009},
  publisher={Elsevier}
}

@article{ryen2015consumption,
  title={Consumption-weighted life cycle assessment of a consumer electronic product community},
  author={Ryen, Erinn G and Babbitt, Callie W and Williams, Eric},
  journal={Environmental science \& technology},
  volume={49},
  number={4},
  pages={2549--2559},
  year={2015},
  publisher={ACS Publications}
}

@article{hertwich2011greenhouse,
  title={Greenhouse gas emissions from the consumption of electric and electronic equipment by Norwegian households},
  author={Hertwich, Edgar G and Roux, Charlotte},
  journal={Environmental science \& technology},
  volume={45},
  number={19},
  pages={8190--8196},
  year={2011},
  publisher={ACS Publications}
}

@article{starosielski2012warning,
  title={Warning: do not dig’: negotiating the visibility of critical infrastructures},
  author={Starosielski, Nicole},
  journal={Journal of Visual Culture},
  volume={11},
  number={1},
  pages={38--57},
  year={2012},
  publisher={SAGE Publications Sage UK: London, England}
}

@article{doi:10.1021/cen-09810-cover,
    author = {Jacoby, Mitch},
    title = {A way forward for optical fibers},
    journal = {C\&EN Global Enterprise},
    volume = {98},
    number = {10},
    pages = {28-33},
    year = {2020},
    doi = {10.1021/cen-09810-cover},
    URL = {https://doi.org/10.1021/cen-09810-cover}
}

@article{bourgeois2014information,
  title={Hardware},
  author={Bourgeois, Dave and Bourgeois, David T},
  journal={Information Systems for Business and Beyond},
  year={2014},
  publisher={Published through the Open Textbook Challenge by the Saylor Academy}
}

@article{borucke2013accounting,
  title={Accounting for demand and supply of the biosphere's regenerative capacity: The National Footprint Accounts’ underlying methodology and framework},
  author={Borucke, Michael and Moore, David and Cranston, Gemma and Gracey, Kyle and Iha, Katsunori and Larson, Joy and Lazarus, Elias and Morales, Juan Carlos and Wackernagel, Mathis and Galli, Alessandro},
  journal={Ecological indicators},
  volume={24},
  pages={518--533},
  year={2013},
  publisher={Elsevier}
}

@article{williams20021,
  title={The 1.7 kilogram microchip: Energy and material use in the production of semiconductor devices},
  author={Williams, Eric D and Ayres, Robert U and Heller, Miriam},
  journal={Environmental science \& technology},
  volume={36},
  number={24},
  pages={5504--5510},
  year={2002},
  publisher={ACS Publications}
}

@article{gutowski2009thermodynamic,
  title={Thermodynamic analysis of resources used in manufacturing processes},
  author={Gutowski, Timothy G and Branham, Matthew S and Dahmus, Jeffrey B and Jones, Alissa J and Thiriez, Alexandre and Sekulic, Dusan P},
  journal={Environmental science \& technology},
  volume={43},
  number={5},
  pages={1584--1590},
  year={2009},
  publisher={ACS Publications}
}

@article{teehan2013comparing,
  title={Comparing embodied greenhouse gas emissions of modern computing and electronics products},
  author={Teehan, Paul and Kandlikar, Milind},
  journal={Environmental science \& technology},
  volume={47},
  number={9},
  pages={3997--4003},
  year={2013},
  publisher={ACS Publications}
}

@article{louis2020sources,
  title={Sources of variation in life cycle assessments of smartphones and tablet computers},
  author={Louis-Philippe, P-VP Cl{\'e}ment and Jacquemotte, Quentin ES and Hilty, Lorenz M},
  journal={Environmental Impact Assessment Review},
  volume={84},
  pages={106416},
  year={2020},
  publisher={Elsevier}
}

@article{malmodin2014life,
  title={Life cycle assessment of ICT: Carbon footprint and operational electricity use from the operator, national, and subscriber perspective in Sweden},
  author={Malmodin, Jens and Lund{\'e}n, Dag and Moberg, {\AA}sa and Andersson, Greger and Nilsson, Mikael},
  journal={Journal of Industrial Ecology},
  volume={18},
  number={6},
  pages={829--845},
  year={2014},
  publisher={Wiley Online Library}
}

@article{sikdar2013study,
  title={A study of the environmental impact of wired and wireless local area network access},
  author={Sikdar, Biplab},
  journal={IEEE Transactions on Consumer Electronics},
  volume={59},
  number={1},
  pages={85--92},
  year={2013},
  publisher={IEEE}
}

@article{andrae2015global,
  title={On global electricity usage of communication technology: trends to 2030},
  author={Andrae, Anders SG and Edler, Tomas},
  journal={Challenges},
  volume={6},
  number={1},
  pages={117--157},
  year={2015},
  publisher={Multidisciplinary Digital Publishing Institute}
}

@article{andrae2017life,
  title={Life cycle assessment of a virtual reality device},
  author={Andrae, Anders SG},
  journal={Challenges},
  volume={8},
  number={2},
  pages={15},
  year={2017},
  publisher={Multidisciplinary Digital Publishing Institute}
}

@article{andrae2015life,
  title={Life-Cycle Assessment of Consumer Electronics: A review of methodological approaches},
  author={Andrae, Anders SG},
  journal={IEEE consumer electronics magazine},
  volume={5},
  number={1},
  pages={51--60},
  year={2015},
  publisher={IEEE}
}

@article{andrae2010life,
  title={Life cycle assessments of consumer electronics—are they consistent?},
  author={Andrae, Anders SG and Andersen, Otto},
  journal={The International Journal of Life Cycle Assessment},
  volume={15},
  number={8},
  pages={827--836},
  year={2010},
  publisher={Springer}
}

@article{ryen2014community,
  title={Community ecology perspectives on the structural and functional evolution of consumer electronics},
  author={Ryen, Erinn G and Babbitt, Callie W and Tyler, Anna Christina and Babbitt, Gregory A},
  journal={Journal of Industrial Ecology},
  volume={18},
  number={5},
  pages={708--721},
  year={2014},
  publisher={Wiley Online Library}
}

@article{lee2018greenhouse,
  title={Greenhouse gas emissions embodied in the Chinese international trade of computer products},
  author={Lee, Lien-Chieh and Wang, Yuan and Yan, Yuanyuan and Zuo, Jian},
  journal={Sustainability},
  volume={10},
  number={5},
  pages={1623},
  year={2018},
  publisher={Multidisciplinary Digital Publishing Institute}
}

@article{reller2009mobile,
  title={The mobile phone: Powerful communicator and potential metal dissipator},
  author={Reller, Armin and Bublies, Thomas and Staudinger, Thomas and Oswald, Irina and Mei{\ss}ner, Simon and Allen, Matthew},
  journal={GAIA-Ecological Perspectives for Science and Society},
  volume={18},
  number={2},
  pages={127--135},
  year={2009},
  publisher={oekom verlag}
}

@article{fitzpatrick2015conflict,
  title={Conflict minerals in the compute sector: estimating extent of tin, tantalum, tungsten, and gold use in ICT products},
  author={Fitzpatrick, Colin and Olivetti, Elsa and Miller, T Reed and Roth, Richard and Kirchain, Randolph},
  journal={Environmental science \& technology},
  volume={49},
  number={2},
  pages={974--981},
  year={2015},
  publisher={ACS Publications}
}

@article{coghlan2006mortality,
  title={Mortality in the Democratic Republic of Congo: a nationwide survey},
  author={Coghlan, Benjamin and Brennan, Richard J and Ngoy, Pascal and Dofara, David and Otto, Brad and Clements, Mark and Stewart, Tony},
  journal={The Lancet},
  volume={367},
  number={9504},
  pages={44--51},
  year={2006},
  publisher={Elsevier}
}

@article{autesserre2012dangerous,
  title={Dangerous tales: Dominant narratives on the Congo and their unintended consequences},
  author={Autesserre, S{\'e}verine},
  journal={African Affairs},
  volume={111},
  number={443},
  pages={202--222},
  year={2012},
  publisher={Oxford University Press}
}

@article{coghlan2009update,
  title={Update on mortality in the Democratic Republic of Congo: results from a third nationwide survey},
  author={Coghlan, Benjamin and Ngoy, Pascal and Mulumba, Flavien and Hardy, Colleen and Bemo, Valerie Nkamgang and Stewart, Tony and Lewis, Jennifer and Brennan, Richard J},
  journal={Disaster medicine and public health preparedness},
  volume={3},
  number={2},
  pages={88--96},
  year={2009},
  publisher={Cambridge University Press}
}

@article{alorse2015assessing,
  title={Assessing the European Union's engagement with transnational policy networks on conflict-prone natural resources},
  author={Alorse, Raynold Wonder and Compaor{\'e}, WR Nad{\`e}ge and Grant, J Andrew},
  journal={Contemporary Politics},
  volume={21},
  number={3},
  pages={245--257},
  year={2015},
  publisher={Taylor \& Francis}
}

@article{montague2002stolen,
  title={Stolen goods: Coltan and conflict in the Democratic Republic of Congo},
  author={Montague, Dena},
  journal={Sais Review},
  volume={22},
  number={1},
  pages={103--118},
  year={2002},
  publisher={Johns Hopkins University Press}
}

@article{peiro2013material,
  title={Material flow analysis of scarce metals: Sources, functions, end-uses and aspects for future supply},
  author={Peir{\'o}, Laura Talens and M{\'e}ndez, Gara Villalba and Ayres, Robert U},
  journal={Environmental science \& technology},
  volume={47},
  number={6},
  pages={2939--2947},
  year={2013},
  publisher={ACS Publications}
}

@book{schulz2018critical,
  title={Critical mineral resources of the United States: economic and environmental geology and prospects for future supply},
  author={Schulz, Klaus J and DeYoung, John H and Seal, Robert R and Bradley, Dwight C},
  year={2018},
  publisher={Geological Survey}
}

@book{hartman2002introductory,
  title={Introductory mining engineering},
  author={Hartman, Howard L and Mutmansky, Jan M},
  year={2002},
  publisher={John Wiley \& Sons}
}

@article{ramani2012surface,
  title={Surface mining technology: progress and prospects},
  author={Ramani, Raja V},
  journal={Procedia Engineering},
  volume={46},
  pages={9--21},
  year={2012},
  publisher={Elsevier}
}

@article{lima2016legacy,
  title={The legacy of surface mining: Remediation, restoration, reclamation and rehabilitation},
  author={Lima, Ana T and Mitchell, Kristen and O’Connell, David W and Verhoeven, Jos and Van Cappellen, Philippe},
  journal={Environmental Science \& Policy},
  volume={66},
  pages={227--233},
  year={2016},
  publisher={Elsevier}
}

@article{mudd2007sustainability,
  title={The sustainability of mining in Australia: key production trends and their environmental implications},
  author={Mudd, Gavin M},
  journal={Department of Civil Engineering, Monash University and Mineral Policy Institute, Melbourne},
  year={2007}
}

@article{lyu2019comprehensive,
  title={A comprehensive review on reasons for tailings dam failures based on case history},
  author={Lyu, Zongjie and Chai, Junrui and Xu, Zengguang and Qin, Yuan and Cao, Jing},
  journal={Advances in Civil Engineering},
  volume={2019},
  year={2019},
  publisher={Hindawi}
}

@article{hudson2003impact,
  title={The impact of tailings dam spills and clean-up operations on sediment and water quality in river systems: the R{\i}os Agrio--Guadiamar, Aznalc{\'o}llar, Spain},
  author={Hudson-Edwards, Karen A and Macklin, Mark G and Jamieson, Heather E and Brewer, Paul A and Coulthard, Tom J and Howard, Andy J and Turner, Jon N},
  journal={Applied Geochemistry},
  volume={18},
  number={2},
  pages={221--239},
  year={2003},
  publisher={Elsevier}
}

@article{icold2001tailings,
  title={Tailings dams--risk of dangerous occurrences, lessons learnt from practical experiences (bulletin 121)},
  author={ICOLD, UNEP},
  journal={Commission Internationale des Grands Barrages, Paris},
  volume={155},
  year={2001}
}

@article{copco2007mining,
  title={Mining methods in underground mining},
  author={Copco, Atlas},
  journal={Atlas Copco: Nacka, Sweden},
  year={2007}
}

@article{guo2013leaching,
  title={Leaching of heavy metals from Dexing copper mine tailings pond},
  author={Guo, Yao-guang and Huang, Peng and Zhang, Wu-gang and Yuan, Xue-wu and Fan, Feng-xia and Wang, Huan-li and Liu, Jian-she and Wang, Zhao-hui},
  journal={Transactions of Nonferrous Metals Society of China},
  volume={23},
  number={10},
  pages={3068--3075},
  year={2013},
  publisher={Elsevier}
}

@article{nuss2014life,
  title={Life cycle assessment of metals: a scientific synthesis},
  author={Nuss, Philip and Eckelman, Matthew J},
  journal={PloS one},
  volume={9},
  number={7},
  pages={e101298},
  year={2014},
  publisher={Public Library of Science}
}

@article{huang2016protecting,
  title={Protecting the environment and public health from rare earth mining},
  author={Huang, Xiang and Zhang, Guochun and Pan, An and Chen, Fengying and Zheng, Chunli},
  journal={Earth's Future},
  volume={4},
  number={11},
  pages={532--535},
  year={2016},
  publisher={Wiley Online Library}
}

@article{pagano2015health,
  title={Health effects and toxicity mechanisms of rare earth elements—Knowledge gaps and research prospects},
  author={Pagano, Giovanni and Guida, Marco and Tommasi, Franca and Oral, Rahime},
  journal={Ecotoxicology and environmental safety},
  volume={115},
  pages={40--48},
  year={2015},
  publisher={Elsevier}
}

@article{zhang2000chronic,
  title={Chronic toxicity of rare-earth elements on human beings},
  author={Zhang, Hui and Feng, Jia and Zhu, Weifang and Liu, Congqiang and Xu, Suqin and Shao, Pingping and Wu, Dongsen and Yang, Wenjiao and Gu, Jianghong},
  journal={Biological trace element research},
  volume={73},
  number={1},
  pages={1--17},
  year={2000},
  publisher={Springer}
}

@article{gulley2018china,
  title={China, the United States, and competition for resources that enable emerging technologies},
  author={Gulley, Andrew L and Nassar, Nedal T and Xun, Sean},
  journal={Proceedings of the national academy of sciences},
  volume={115},
  number={16},
  pages={4111--4115},
  year={2018},
  publisher={National Acad Sciences}
}

@article{zhang2015did,
  title={Did China׳ s rare earth export policies work?—Empirical evidence from USA and Japan},
  author={Zhang, Lu and Qing, GUO and Zhang, Junbiao and Huang, Yong and Xiong, Tao},
  journal={Resources Policy},
  volume={43},
  pages={82--90},
  year={2015},
  publisher={Elsevier}
}

@article{ting2013rare,
  title={Rare earths: future elements of conflict in Asia?},
  author={Ting, Ming Hwa and Seaman, John},
  journal={Asian Studies Review},
  volume={37},
  number={2},
  pages={234--252},
  year={2013},
  publisher={Taylor \& Francis}
}

@article{moran2015global,
  title={Global supply chains of coltan: a hybrid life cycle assessment study using a social indicator},
  author={Moran, Daniel and McBain, Darian and Kanemoto, Keiichiro and Lenzen, Manfred and Geschke, Arne},
  journal={Journal of Industrial Ecology},
  volume={19},
  number={3},
  pages={357--365},
  year={2015},
  publisher={Wiley Online Library}
}

@article{stoop2018more,
  title={More legislation, more violence? The impact of Dodd-Frank in the DRC},
  author={Stoop, Nik and Verpoorten, Marijke and Van der Windt, Peter},
  journal={PloS one},
  volume={13},
  number={8},
  pages={e0201783},
  year={2018},
  publisher={Public Library of Science San Francisco, CA USA}
}

@article{mancheri2018resilience,
  title={Resilience in the tantalum supply chain},
  author={Mancheri, Nabeel A and Sprecher, Benjamin and Deetman, Sebastiaan and Young, Steven B and Bleischwitz, Raimund and Dong, Liang and Kleijn, Ren{\'e} and Tukker, Arnold},
  journal={Resources, Conservation and Recycling},
  volume={129},
  pages={56--69},
  year={2018},
  publisher={Elsevier}
}

@article{andre2014child,
  title={Child labour, agency and family dynamics: The case of mining in Katanga (DRC)},
  author={Andr{\'e}, G{\'e}raldine and Godin, Marie},
  journal={Childhood},
  volume={21},
  number={2},
  pages={161--174},
  year={2014},
  publisher={Sage Publications Sage UK: London, England}
}

@article{nkulu2018sustainability,
  title={Sustainability of artisanal mining of cobalt in DR Congo},
  author={Nkulu, C{\'e}lestin Banza Lubaba and Casas, Lidia and Haufroid, Vincent and De Putter, Thierry and Saenen, Nelly D and Kayembe-Kitenge, Tony and Obadia, Paul Musa and Mukoma, Daniel Kyanika Wa and Ilunga, Jean-Marie Lunda and Nawrot, Tim S and others},
  journal={Nature sustainability},
  volume={1},
  number={9},
  pages={495--504},
  year={2018},
  publisher={Nature Publishing Group}
}

@article{banza2009high,
  title={High human exposure to cobalt and other metals in Katanga, a mining area of the Democratic Republic of Congo},
  author={Banza, C{\'e}lestin Lubaba Nkulu and Nawrot, Tim S and Haufroid, Vincent and Decr{\'e}e, Sophie and De Putter, Thierry and Smolders, Erik and Kabyla, Benjamin Ilunga and Luboya, Oscar Numbi and Ilunga, Augustin Ndala and Mutombo, Alain Mwanza and others},
  journal={Environmental research},
  volume={109},
  number={6},
  pages={745--752},
  year={2009},
  publisher={Elsevier}
}

@article{al2017cobalt,
  title={Cobalt from the DR Congo--potential, risks and significance for the global cobalt market},
  author={Al Barazi, Siyamend and N{\"a}her, Uwe and Vetter, Sebastian and Sch{\"u}tte, Philip and Liedtke, Maren and Baier, Matthias and Franken, G},
  journal={Bundesanstalt f{\"u}r Geowissenschaften und Rohstoffe, Hannover},
  year={2017}
}

@article{shedd2017cobalt,
    author = {Shedd, K.B. and McCullough, E.A. and Bleiwas, D.I.},
    year = {2017},
    month = {12},
    pages = {37-42},
    title = {Global trends affecting the supply security of cobalt},
    volume = {69},
    journal = {Mining Engineering}
}

@article{scheele2016cobalt,
  title={Cobalt blues},
  author={Scheele, Fleur and De Haan, Esther and Kiezebrink, Vincent},
  journal={SOMO Cent. Res. Multinatl. Corp},
  year={2016}
}

@article{gulley2019china,
  title={China's domestic and foreign influence in the global cobalt supply chain},
  author={Gulley, Andrew L and McCullough, Erin A and Shedd, Kim B},
  journal={Resources Policy},
  volume={62},
  pages={317--323},
  year={2019},
  publisher={Elsevier}
}

@article{lund2014state,
  title={State participation and taxation in Norwegian petroleum: Lessons for others?},
  author={Lund, Diderik},
  journal={Energy Strategy Reviews},
  volume={3},
  pages={49--54},
  year={2014},
  publisher={Elsevier}
}

@article{pan2016investigating,
  title={Investigating heavy metal pollution in mining brownfield and its policy implications: a case study of the Bayan Obo rare earth mine, Inner Mongolia, China},
  author={Pan, Yuxue and Li, Haitao},
  journal={Environmental management},
  volume={57},
  number={4},
  pages={879--893},
  year={2016},
  publisher={Springer}
}

@article{forti2020global,
  title={The Global E-waste Monitor 2020: Quantities, flows and the circular economy potential},
  author={Forti, Vanessa and Balde, Cornelis P and Kuehr, Ruediger and Bel, Garam},
  year={2020},
  journal={United Nations University (UNU)/United Nations Institute for Training and Research (UNITAR) – co-hosted SCYCLE Programme, International Telecommunication Union (ITU) \& International Solid Waste Association
(ISWA)}
}

@article{williams2011environmental,
  title={Environmental effects of information and communications technologies},
  author={Williams, Eric},
  journal={Nature},
  volume={479},
  number={7373},
  pages={354--358},
  year={2011},
  publisher={Nature Publishing Group}
}

@article{balde2018waste,
  title={Waste Mercury Perspective: 2010-2035 From global to regional},
  author={Bald{\'e}, Kees and D'Angelo, Elena and Forti, Vanessa and Kuehr, Ruediger and van den Brink, Susan},
  year={2018},
  publisher={United Nations University and United Nations Industrial Development~…}
}

@article{habib2015tracking,
  title={Tracking the flow of resources in electronic waste-the case of end-of-life computer hard disk drives},
  author={Habib, Komal and Parajuly, Keshav and Wenzel, Henrik},
  journal={Environmental science \& technology},
  volume={49},
  number={20},
  pages={12441--12449},
  year={2015},
  publisher={ACS Publications}
}

@article{zhang2012waste,
  title={E-waste recycling: where does it go from here?},
  author={Zhang, Kai and Schnoor, Jerald L and Zeng, Eddy Y},
  journal={Environmental Science \& Technology},
  volume={46},
  number={20},
  pages={10861--10867},
  year={2012},
  publisher={ACS Publications}
}

@article{sthiannopkao2013handling,
  title={Handling e-waste in developed and developing countries: Initiatives, practices, and consequences},
  author={Sthiannopkao, Suthipong and Wong, Ming Hung},
  journal={Science of the Total Environment},
  volume={463},
  pages={1147--1153},
  year={2013},
  publisher={Elsevier}
}

@article{brooks2018chinese,
  title={The Chinese import ban and its impact on global plastic waste trade},
  author={Brooks, Amy L and Wang, Shunli and Jambeck, Jenna R},
  journal={Science advances},
  volume={4},
  number={6},
  pages={eaat0131},
  year={2018},
  publisher={American Association for the Advancement of Science}
}

@article{kumar2017waste,
  title={E-waste: An overview on generation, collection, legislation and recycling practices},
  author={Kumar, Amit and Holuszko, Maria and Espinosa, Denise Crocce Romano},
  journal={Resources, Conservation and Recycling},
  volume={122},
  pages={32--42},
  year={2017},
  publisher={Elsevier}
}
  
@article{julander2014formal,
  title={Formal recycling of e-waste leads to increased exposure to toxic metals: an occupational exposure study from Sweden},
  author={Julander, Anneli and Lundgren, Lennart and Skare, Lizbet and Grand{\'e}r, Margaretha and Palm, Brita and Vahter, Marie and Lid{\'e}n, Carola},
  journal={Environment International},
  volume={73},
  pages={243--251},
  year={2014},
  publisher={Elsevier}
}

@article{samsonek2013occurrence,
  title={Occurrence of brominated flame retardants in black thermo cups and selected kitchen utensils purchased on the European market},
  author={Samsonek, J and Puype, F},
  journal={Food Additives \& Contaminants: Part A},
  volume={30},
  number={11},
  pages={1976--1986},
  year={2013},
  publisher={Taylor \& Francis}
}

@article{wang2007owns,
  title={Who owns China’s carbon emissions},
  author={Wang, Tao and Watson, Jim},
  journal={Tyndall Briefing Note},
  volume={23},
  number={23},
  year={2007}
}

@article{braungart2007cradle,
  title={Cradle-to-cradle design: creating healthy emissions--a strategy for eco-effective product and system design},
  author={Braungart, Michael and McDonough, William and Bollinger, Andrew},
  journal={Journal of cleaner production},
  volume={15},
  number={13-14},
  pages={1337--1348},
  year={2007},
  publisher={Elsevier}
}

@article{wilson2006role,
  title={Role of informal sector recycling in waste management in developing countries},
  author={Wilson, David C and Velis, Costas and Cheeseman, Chris},
  journal={Habitat international},
  volume={30},
  number={4},
  pages={797--808},
  year={2006},
  publisher={Elsevier}
}

@article{medina2000scavenger,
  title={Scavenger cooperatives in Asia and Latin America},
  author={Medina, Martin},
  journal={Resources, conservation and recycling},
  volume={31},
  number={1},
  pages={51--69},
  year={2000},
  publisher={Elsevier}
}

@article{akormedi2013working,
  title={Working conditions and environmental exposures among electronic waste workers in Ghana},
  author={Akormedi, Matthew and Asampong, Emmanuel and Fobil, Julius N},
  journal={International journal of occupational and environmental health},
  volume={19},
  number={4},
  pages={278--286},
  year={2013},
  publisher={Taylor \& Francis}
}

@article{chan2013review,
  title={A review of environmental fate, body burdens, and human health risk assessment of PCDD/Fs at two typical electronic waste recycling sites in China},
  author={Chan, Janet Kit Yan and Wong, Ming H},
  journal={Science of the total environment},
  volume={463},
  pages={1111--1123},
  year={2013},
  publisher={Elsevier}
}

@article{chi2011informal,
  title={Informal electronic waste recycling: A sector review with special focus on China},
  author={Chi, Xinwen and Streicher-Porte, Martin and Wang, Mark YL and Reuter, Markus A},
  journal={Waste management},
  volume={31},
  number={4},
  pages={731--742},
  year={2011},
  publisher={Elsevier}
}

@article{liu2018thyroid,
  title={Thyroid disruption and reduced mental development in children from an informal e-waste recycling area: a mediation analysis},
  author={Liu, Lian and Zhang, Bo and Lin, Kun and Zhang, Yuling and Xu, Xijin and Huo, Xia},
  journal={Chemosphere},
  volume={193},
  pages={498--505},
  year={2018},
  publisher={Elsevier}
}

@article{zeng2019heavy,
  title={Heavy metal exposure has adverse effects on the growth and development of preschool children},
  author={Zeng, Xiang and Xu, Xijin and Qin, Qilin and Ye, Kai and Wu, Weidong and Huo, Xia},
  journal={Environmental geochemistry and health},
  volume={41},
  number={1},
  pages={309--321},
  year={2019},
  publisher={Springer}
}

@article{soetrisno2020chronic,
  title={Chronic exposure to heavy metals from informal e-waste recycling plants and children's attention, executive function and academic performance},
  author={Soetrisno, Fitria Nurbaidah and Delgado-Saborit, Juana Maria},
  journal={Science of the Total Environment},
  volume={717},
  pages={137099},
  year={2020},
  publisher={Elsevier}
}

@article{alabi2012comparative,
  title={Comparative evaluation of environmental contamination and DNA damage induced by electronic-waste in Nigeria and China},
  author={Alabi, Okunola A and Bakare, Adekunle A and Xu, Xijin and Li, Bin and Zhang, Yuling and Huo, Xia},
  journal={Science of the total environment},
  volume={423},
  pages={62--72},
  year={2012},
  publisher={Elsevier}
}

@article{cong2018elevated,
  title={Elevated biomarkers of sympatho-adrenomedullary activity linked to e-waste air pollutant exposure in preschool children},
  author={Cong, Xiaowei and Xu, Xijin and Xu, Long and Li, Minghui and Xu, Cheng and Qin, Qilin and Huo, Xia},
  journal={Environment international},
  volume={115},
  pages={117--126},
  year={2018},
  publisher={Elsevier}
}

@article{xu2012birth,
  title={Birth outcomes related to informal e-waste recycling in Guiyu, China},
  author={Xu, Xijin and Yang, Hui and Chen, Aimin and Zhou, Yulin and Wu, Kusheng and Liu, Junxiao and Zhang, Yuling and Huo, Xia},
  journal={Reproductive Toxicology},
  volume={33},
  number={1},
  pages={94--98},
  year={2012},
  publisher={Elsevier}
}

@article{amoabeng2020effect,
  title={Effect of particulate matter exposure on respiratory health of e-waste workers at agbogbloshie, Accra, Ghana},
  author={Amoabeng Nti, Afua Asabea and Arko-Mensah, John and Botwe, Paul K and Dwomoh, Duah and Kwarteng, Lawrencia and Takyi, Sylvia Akpene and Acquah, Augustine Appah and Tettey, Prudence and Basu, Niladri and Batterman, Stuart and others},
  journal={International journal of environmental research and public health},
  volume={17},
  number={9},
  pages={3042},
  year={2020},
  publisher={Multidisciplinary Digital Publishing Institute}
}

@article{zhang2017alteration,
  title={Alteration of the number and percentage of innate immune cells in preschool children from an e-waste recycling area},
  author={Zhang, Yu and Xu, Xijin and Sun, Di and Cao, Junjun and Zhang, Yuling and Huo, Xia},
  journal={Ecotoxicology and environmental safety},
  volume={145},
  pages={615--622},
  year={2017},
  publisher={Elsevier}
}

@article{xu2020hearing,
  title={Hearing loss risk and DNA methylation signatures in preschool children following lead and cadmium exposure from an electronic waste recycling area},
  author={Xu, Long and Huo, Xia and Liu, Yu and Zhang, Yuling and Qin, Qilin and Xu, Xijin},
  journal={Chemosphere},
  volume={246},
  pages={125829},
  year={2020},
  publisher={Elsevier}
}

@article{davis2019strong,
  title={A strong spatial association between e-waste burn sites and childhood lymphoma in the West Bank, Palestine},
  author={Davis, John-Michael and Garb, Yaakov},
  journal={International journal of cancer},
  volume={144},
  number={3},
  pages={470--475},
  year={2019},
  publisher={Wiley Online Library}
}

@article{nguyen2019exposure,
  title={Exposure of Canadian electronic waste dismantlers to flame retardants},
  author={Nguyen, Linh V and Diamond, Miriam L and Venier, Marta and Stubbings, William A and Romanak, Kevin and Bajard, Lola and Melymuk, Lisa and Jantunen, Liisa M and Arrandale, Victoria H},
  journal={Environment international},
  volume={129},
  pages={95--104},
  year={2019},
  publisher={Elsevier}
}
@article{nguyen2020can,
  title={Can Silicone Passive Samplers be Used for Measuring Exposure of e-Waste Workers to Flame Retardants?},
  author={Nguyen, Linh V and Gravel, Sabrina and Labr{\`e}che, France and Bakhiyi, Bouchra and Verner, Marc-André and Zayed, Joseph and Jantunen, Liisa M and Arrandale, Victoria H and Diamond, Miriam L},
  journal={Environmental Science \& Technology},
  volume={54},
  number={23},
  pages={15277--15286},
  year={2020},
  publisher={ACS Publications}
}

@article{roels1980exposure,
  title={Exposure to lead by the oral and the pulmonary routes of children living in the vicinity of a primary lead smelter},
  author={Roels, Harry A and Buchet, Jean-Pierre and Lauwerys, Robert R and Bruaux, Pierre and Claeys-Thoreau, Francoise and Lafontaine, Alphonse and Verduyn, Geert},
  journal={Environmental research},
  volume={22},
  number={1},
  pages={81--94},
  year={1980},
  publisher={Elsevier}
}

@article{frazzoli2010diagnostic,
  title={Diagnostic health risk assessment of electronic waste on the general population in developing countries' scenarios},
  author={Frazzoli, Chiara and Orisakwe, Orish Ebere and Dragone, Roberto and Mantovani, Alberto},
  journal={Environmental Impact Assessment Review},
  volume={30},
  number={6},
  pages={388--399},
  year={2010},
  publisher={Elsevier}
}

@article{geyer2010economics,
  title={The economics of cell phone reuse and recycling},
  author={Geyer, Roland and Blass, Vered Doctori},
  journal={The International Journal of Advanced Manufacturing Technology},
  volume={47},
  number={5-8},
  pages={515--525},
  year={2010},
  publisher={Springer}
}

@article{navazo2014material,
  title={Material flow analysis and energy requirements of mobile phone material recovery processes},
  author={Navazo, Juan Manuel Valero and M{\'e}ndez, Gara Villalba and Peir{\'o}, Laura Talens},
  journal={The International Journal of Life Cycle Assessment},
  volume={19},
  number={3},
  pages={567--579},
  year={2014},
  publisher={Springer}
}

@article{robinson2009waste,
  title={E-waste: an assessment of global production and environmental impacts},
  author={Robinson, Brett H},
  journal={Science of the total environment},
  volume={408},
  number={2},
  pages={183--191},
  year={2009},
  publisher={Elsevier}
}

@article{bulow1986economic,
  title={An economic theory of planned obsolescence},
  author={Bulow, Jeremy},
  journal={The Quarterly Journal of Economics},
  volume={101},
  number={4},
  pages={729--749},
  year={1986},
  publisher={MIT Press}
}

@article{guiltinan2009creative,
  title={Creative destruction and destructive creations: environmental ethics and planned obsolescence},
  author={Guiltinan, Joseph},
  journal={Journal of business ethics},
  volume={89},
  number={1},
  pages={19--28},
  year={2009},
  publisher={Springer}
}

@article{keeble2013culture,
  title={The culture of planned obsolescence in technology companies},
  author={Keeble, Daniel},
  year={2013},
  journal={Oulun seudun ammattikorkeakoulu}
}

@article{park2013efficiency,
  title={Efficiency improvement opportunities in TVs: Implications for market transformation programs},
  author={Park, Won Young and Phadke, Amol and Shah, Nihar and Letschert, Virginie},
  journal={Energy Policy},
  volume={59},
  pages={361--372},
  year={2013},
  publisher={Elsevier}
}

@phdthesis{aslan2020climate,
  title={Climate change implications of gaming products and services},
  author={Aslan, Joshua},
  year={2020},
  school={University of Surrey}
}

@article{dincer2000renewable,
  title={Renewable energy and sustainable development: a crucial review},
  author={Dincer, Ibrahim},
  journal={Renewable and sustainable energy reviews},
  volume={4},
  number={2},
  pages={157--175},
  year={2000},
  publisher={Elsevier}
}

@article{jacobson2011providing,
  title={Providing all global energy with wind, water, and solar power, Part I: Technologies, energy resources, quantities and areas of infrastructure, and materials},
  author={Jacobson, Mark Z and Delucchi, Mark A},
  journal={Energy policy},
  volume={39},
  number={3},
  pages={1154--1169},
  year={2011},
  publisher={Elsevier}
}

@article{delucchi2011providing,
  title={Providing all global energy with wind, water, and solar power, Part II: Reliability, system and transmission costs, and policies},
  author={Delucchi, Mark A and Jacobson, Mark Z},
  journal={Energy policy},
  volume={39},
  number={3},
  pages={1170--1190},
  year={2011},
  publisher={Elsevier}
}

@article{donovan2009twenty,
  title={Twenty thousand leagues under the sea: A life cycle assessment of fibre optic submarine cable systems},
  author={Donovan, Craig},
  journal={Degree Project, SoM EX2009-40 KTH Department of Urban Planning and Environment, Stockholm},
  year={2009}
}

@article{stevens1960planned,
  title={Planned obsolescence},
  author={Stevens, Brooks},
  journal={The Rotarian},
  volume={96},
  number={2},
  pages={12},
  year={1960}
}

@article{steffen2011anthropocene,
  title={The Anthropocene: From global change to planetary stewardship},
  author={Steffen, Will and Persson, {\AA}sa and Deutsch, Lisa and Zalasiewicz, Jan and Williams, Mark and Richardson, Katherine and Crumley, Carole and Crutzen, Paul and Folke, Carl and Gordon, Line and others},
  journal={Ambio},
  volume={40},
  number={7},
  pages={739--761},
  year={2011},
  publisher={Springer}
}

@misc{tukker2020consumption,
  title={Consumption-based carbon accounting: sense and sensibility},
  author={Tukker, Arnold and Pollitt, Hector and Henkemans, Maurits},
  year={2020},
  publisher={Taylor \& Francis}
}

@article{liboiron2018plastic,
  title={How plastic is a function of colonialism},
  author={Liboiron, Max},
  journal={Teen Vogue},
  volume={21},
  year={2018}
}

@article{pratt2010decreasing,
  title={Decreasing dirty dumping-A reevaluation of toxic waste colonialism and the global management of transboundary hazardous waste},
  author={Pratt, Laura AW},
  journal={Tex. Envtl. LJ},
  volume={41},
  pages={147},
  year={2010},
  publisher={HeinOnline}
}

@incollection{geyer2020production,
  title={Production, use, and fate of synthetic polymers},
  author={Geyer, Roland},
  booktitle={Plastic Waste and Recycling},
  pages={13--32},
  year={2020},
  publisher={Elsevier}
}

@article{williams2004environmental,
  title={Environmental impacts of microchip manufacture},
  author={Williams, Eric D},
  journal={Thin Solid Films},
  volume={461},
  number={1},
  pages={2--6},
  year={2004},
  publisher={Elsevier}
}

@article{rundh2005multi,
  title={The multi-faceted dimension of packaging},
  author={Rundh, Bo},
  journal={British food journal},
  year={2005},
  publisher={Emerald Group Publishing Limited}
}

@article{cinelli2019cosmetic,
  title={Cosmetic packaging to save the environment: future perspectives},
  author={Cinelli, Patrizia and Coltelli, Maria Beatrice and Signori, Francesca and Morganti, Pierfrancesco and Lazzeri, Andrea},
  journal={Cosmetics},
  volume={6},
  number={2},
  pages={26},
  year={2019},
  publisher={Multidisciplinary Digital Publishing Institute}
}

@article{lee2005design,
  title={Design for the environment: life cycle assessment and sustainable packaging issues},
  author={Lee, Siang-Guan and Xu, Xun},
  journal={International Journal of Environmental Technology and Management},
  volume={5},
  number={1},
  pages={14--41},
  year={2005},
  publisher={Inderscience Publishers}
}

@article{min1997green,
  title={Green purchasing strategies: trends and implications},
  author={Min, Hokey and Galle, William P},
  journal={International Journal of Purchasing and Materials Management},
  volume={33},
  number={2},
  pages={10--17},
  year={1997},
  publisher={Wiley Online Library}
}

@article{moustafa2019eco,
  title={Eco-friendly polymer composites for green packaging: Future vision and challenges},
  author={Moustafa, Hesham and Youssef, Ahmed M and Darwish, Nabila A and Abou-Kandil, Ahmed I},
  journal={Composites Part B: Engineering},
  volume={172},
  pages={16--25},
  year={2019},
  publisher={Elsevier}
}

@article{kraemer1998globalization,
  title={Globalization in the computer industry: implications of the Asian production network for the US},
  author={Kraemer, Kenneth L and Dedrick, Jason},
  year={1998}
}

@article{corbett2003updated,
  title={Updated emissions from ocean shipping},
  author={Corbett, James J and Koehler, Horst W},
  journal={Journal of Geophysical Research: Atmospheres},
  volume={108},
  number={D20},
  year={2003},
  publisher={Wiley Online Library}
}

@article{carling2015measuring,
  title={Measuring transport related CO2 emissions induced by online and brick-and-mortar retailing},
  author={Carling, Kenneth and Han, Mengjie and H{\aa}kansson, Johan and Meng, Xiangli and Rudholm, Niklas},
  journal={Transportation Research Part D: Transport and Environment},
  volume={40},
  pages={28--42},
  year={2015},
  publisher={Elsevier}
}

@article{jaller2020evaluating,
  title={Evaluating the environmental impacts of online shopping: A behavioral and transportation approach},
  author={Jaller, Miguel and Pahwa, Anmol},
  journal={Transportation Research Part D: Transport and Environment},
  volume={80},
  pages={102223},
  year={2020},
  publisher={Elsevier}
}

@article{brown2014carbon,
  title={Carbon emissions comparison of last mile delivery versus customer pickup},
  author={Brown, Jay R and Guiffrida, Alfred L},
  journal={International Journal of Logistics Research and Applications},
  volume={17},
  number={6},
  pages={503--521},
  year={2014},
  publisher={Taylor \& Francis}
}

@article{merton1936unanticipated,
  title={The unanticipated consequences of purposive social action},
  author={Merton, Robert K},
  journal={American sociological review},
  volume={1},
  number={6},
  pages={894--904},
  year={1936},
  publisher={JSTOR}
}

@inproceedings{landwehr2019high,
  title={The High Cost of Free Services: Problems with Surveillance Capitalism and Possible Alternatives for IT Infrastructure},
  author={Landwehr, Marvin and Borning, Alan and Wulf, Volker},
  booktitle={Proceedings of the Fifth Workshop on Computing within Limits},
  pages={1--10},
  year={2019}
}

@article{shakya2017association,
  title={Association of Facebook use with compromised well-being: A longitudinal study},
  author={Shakya, Holly B and Christakis, Nicholas A},
  journal={American journal of epidemiology},
  volume={185},
  number={3},
  pages={203--211},
  year={2017},
  publisher={Oxford University Press}
}

@article{owen2017monitoring,
  title={Monitoring social media and protest movements: ensuring political order through surveillance and surveillance discourse},
  author={Owen, Stephen},
  journal={Social Identities},
  volume={23},
  number={6},
  pages={688--700},
  year={2017},
  publisher={Taylor \& Francis}
}

@article{moore2020using,
  title={Using remarkability to define coastal flooding thresholds},
  author={Moore, Frances C and Obradovich, Nick},
  journal={Nature communications},
  volume={11},
  number={1},
  pages={1--8},
  year={2020},
  publisher={Nature Publishing Group}
}

@article{niles2019social,
  title={Social media usage patterns during natural hazards},
  author={Niles, Meredith T and Emery, Benjamin F and Reagan, Andrew J and Dodds, Peter Sheridan and Danforth, Christopher M},
  journal={PloS one},
  volume={14},
  number={2},
  pages={e0210484},
  year={2019},
  publisher={Public Library of Science San Francisco, CA USA}
}

@article{lopes2014impact,
  title={The impact of social media on social movements: The new opportunity and mobilizing structure},
  author={Lopes, Amandha Rohr},
  journal={Journal of Political Science Research},
  volume={4},
  number={1},
  pages={1--23},
  year={2014},
  publisher={Citeseer}
}

@article{hwang2015social,
  title={Social media as a tool for social movements: The effect of social media use and social capital on intention to participate in social movements},
  author={Hwang, Hyesun and Kim, Kee-Ok},
  journal={International Journal of Consumer Studies},
  volume={39},
  number={5},
  pages={478--488},
  year={2015},
  publisher={Wiley Online Library}
}

@article{mundt2018scaling,
  title={Scaling social movements through social media: The case of Black Lives Matter},
  author={Mundt, Marcia and Ross, Karen and Burnett, Charla M},
  journal={Social Media+ Society},
  volume={4},
  number={4},
  pages={2056305118807911},
  year={2018},
  publisher={SAGE Publications Sage UK: London, England}
}

@article{mann1999northern,
  title={Northern hemisphere temperatures during the past millennium: Inferences, uncertainties, and limitations},
  author={Mann, Michael E and Bradley, Raymond S and Hughes, Malcolm K},
  journal={Geophysical research letters},
  volume={26},
  number={6},
  pages={759--762},
  year={1999},
  publisher={Wiley Online Library}
}

@article{shepherd2018mass,
  title={Mass balance of the Antarctic Ice Sheet from 1992 to 2017},
  author={Shepherd, Andrew and Ivins, Erik and Rignot, Eric and Smith, Ben and Van Den Broeke, Michiel and Velicogna, Isabella and Whitehouse, Pippa and Briggs, Kate and Joughin, Ian and Krinner, Gerhard and others},
  journal={Nature},
  volume={558},
  pages={219--222},
  year={2018},
  publisher={Nature}
}

@article{zhang2007increasing,
  title={Increasing Antarctic sea ice under warming atmospheric and oceanic conditions},
  author={Zhang, Jinlun},
  journal={Journal of Climate},
  volume={20},
  number={11},
  pages={2515--2529},
  year={2007}
}

@article{lim2017freedom,
  title={Freedom to hate: social media, algorithmic enclaves, and the rise of tribal nationalism in Indonesia},
  author={Lim, Merlyna},
  journal={Critical Asian Studies},
  volume={49},
  number={3},
  pages={411--427},
  year={2017},
  publisher={Taylor \& Francis}
}

@article{noelle1974spiral,
  title={The spiral of silence a theory of public opinion},
  author={Noelle-Neumann, Elisabeth},
  journal={Journal of communication},
  volume={24},
  number={2},
  pages={43--51},
  year={1974},
  publisher={Wiley Online Library}
}

@article{rainie2012social,
  title={Social media and political engagement},
  author={Rainie, Lee and Smith, Aaron and Schlozman, Kay Lehman and Brady, Henry and Verba, Sidney and others},
  journal={Pew Internet \& American Life Project},
  volume={19},
  pages={2--13},
  year={2012}
}

@article{schaller1997moore,
  title={Moore's law: past, present and future},
  author={Schaller, Robert R},
  journal={IEEE spectrum},
  volume={34},
  number={6},
  pages={52--59},
  year={1997},
  publisher={IEEE}
}

@article{walls2006extended,
  title={Extended producer responsibility and product design: economic theory and selected case studies},
  author={Walls, Margaret},
  year={2006},
  number={6-8},
  journal={Resources for the Future},
  publisher={RFF Discussion Paper}
}

@article{sommerfeldt2013online,
  title={Online power resource management: Activist resource mobilization, communication strategy, and organizational structure},
  author={Sommerfeldt, Erich J},
  journal={Journal of public relations research},
  volume={25},
  number={4},
  pages={347--367},
  year={2013},
  publisher={Taylor \& Francis}
}

@article{doan2018beyond,
  title={Beyond organization-centred public relations: Collective action through a civic crowdfunding campaign},
  author={Doan, Mai Anh and Toledano, Margalit},
  journal={Public Relations Review},
  volume={44},
  number={1},
  pages={37--46},
  year={2018},
  publisher={Elsevier}
}

@article{thorson2016climate,
  title={Climate and sustainability| seeking visibility in a big tent: Digital Communication and the People’s Climate March},
  author={Thorson, Kjerstin and Edgerly, Stephanie and Kligler-Vilenchik, Neta and Xu, Yu and Wang, Luping},
  journal={International Journal of Communication},
  volume={10},
  pages={23},
  year={2016}
}

@incollection{grant2015new,
  title={‘New’ Approaches to the Governance of Africa’s Natural Resources},
  author={Grant, J Andrew and Compaor{\'e}, WR Nad{\`e}ge and Mitchell, Matthew I and Ingulstad, Mats},
  booktitle={New Approaches to the Governance of Natural Resources},
  pages={3--24},
  year={2015},
  publisher={Springer}
}

@article{gronman2019carbon,
  title={Carbon handprint--An approach to assess the positive climate impacts of products demonstrated via renewable diesel case},
  author={Gr{\"o}nman, Kaisa and Pajula, Tiina and Sillman, Jani and Leino, Maija and Vatanen, Saija and Kasurinen, Heli and Soininen, Asta and Soukka, Risto},
  journal={Journal of cleaner production},
  volume={206},
  pages={1059--1072},
  year={2019},
  publisher={Elsevier}
}

@techreport{northrop2006ultra,
  title={Ultra-large-scale systems: The software challenge of the future},
  author={Northrop, Linda and Feiler, Peter and Gabriel, Richard P and Goodenough, John and Linger, Rick and Longstaff, Tom and Kazman, Rick and Klein, Mark and Schmidt, Douglas and Sullivan, Kevin and others},
  year={2006},
  institution={Carnegie-Mellon Univ Pittsburgh Pa Software Engineering Inst}
}

@article{bull2014comparative,
  title={Comparative life cycle assessments: The case of paper and digital media},
  author={Bull, Justin G and Kozak, Robert A},
  journal={Environmental Impact Assessment Review},
  volume={45},
  pages={10--18},
  year={2014},
  publisher={Elsevier}
}

@article{moberg2010printed,
  title={Printed and tablet e-paper newspaper from an environmental perspective—A screening life cycle assessment},
  author={Moberg, {\AA}sa and Johansson, Martin and Finnveden, G{\"o}ran and Jonsson, Alex},
  journal={Environmental Impact Assessment Review},
  volume={30},
  number={3},
  pages={177--191},
  year={2010},
  publisher={Elsevier}
}

@article{ahmadi2015life,
  title={Life cycle assessment of a magazine: part 2: A comparison of print and tablet editions},
  author={Ahmadi Achachlouei, Mohammad and Moberg, {\AA}sa},
  journal={Journal of Industrial Ecology},
  volume={19},
  number={4},
  year={2015}
}

@article{enroth2009environmental,
  title={Environmental impact of printed and electronic teaching aids, a screening study focusing on fossil carbon dioxide emissions},
  author={Enroth, Maria},
  journal={Advances in Printing and Media Technology},
  volume={36},
  pages={2009},
  year={2009}
}

@inproceedings{caudill2000lifecycle,
  title={A lifecycle environmental study of the impact of e-commerce on electronic products},
  author={Caudill, Reggie J and Luo, Yanchun and Wirojanagud, Pornsarum and Zhou, Mengchu},
  booktitle={Proceedings of the 2000 IEEE International Symposium on Electronics and the Environment (Cat. No. 00CH37082)},
  pages={298--303},
  year={2000},
  organization={IEEE}
}

@article{arushanyan2014lessons,
  title={Lessons learned--Review of LCAs for ICT products and services},
  author={Arushanyan, Yevgeniya and Ekener-Petersen, Elisabeth and Finnveden, G{\"o}ran},
  journal={Computers in industry},
  volume={65},
  number={2},
  pages={211--234},
  year={2014},
  publisher={Elsevier}
}

@article{boddy2016telling,
  title={Telling `moral tales'? Family narratives of responsible privilege and environmental concern in India and the UK},
  author={Boddy, Janet and Phoenix, Ann and Walker, Catherine and Vennam, Uma and Austerberry, Helen and Latha, Madhavi},
  journal={Families, Relationships and Societies},
  volume={5},
  number={3},
  pages={357--374},
  year={2016},
  publisher={Policy Press}
}

@book{taylor2016rise,
  title={The rise of the American conservation movement: Power, privilege, and environmental protection},
  author={Taylor, Dorceta E},
  year={2016},
  publisher={Duke University Press}
}

%%%%%%%%%%%%%%%%%%%%%%%%%%%%%%%%%%%%%%%%%%%%%%%%%%%%%%%%%%%%%%%%%%%%%%%%
%%%%%%%%%%%%%%%%%%%%%%%% Moore's Law Revision %%%%%%%%%%%%%%%%%%%%%%%%%%
%%%%%%%%%%%%%%%%%%%%%%%%%%%%%%%%%%%%%%%%%%%%%%%%%%%%%%%%%%%%%%%%%%%%%%%%
@article{friedman2015moore,
  title={Moore’s law turns 50},
  author={Friedman, Thomas L},
  journal={The New York Times},
  volume={13},
  year={2015}
}

@article{moore1998cramming,
  title={Cramming more components onto integrated circuits},
  author={Moore, Gordon E},
  journal={Proceedings of the IEEE},
  volume={86},
  number={1},
  pages={82--85},
  year={1998},
  publisher={IEEE}
} %http://www.computer-architecture.org/textual/Moore-Cramming-More-Components-1965.pdf

@article{moore2006moore,
  title={Moore’s law at 40},
  author={Moore, Gordon E and others},
  journal={Understanding Moore’s law: four decades of innovation},
  pages={67--84},
  year={2006},
  publisher={Chemical Heritage Foundation Philadelphia}
}

@article{owid2020technologicalprogress,
    author = {Max Roser and Hannah Ritchie},
    title = {Technological Progress},
    journal = {Our World in Data},
    year = {2020},
    note = {\url{https://ourworldindata.org/technological-progress}}
}

@ARTICLE {IEEE2017postmoore,
author = {J. S. Vetter and E. P. DeBenedictis and T. M. Conte},
journal = {IEEE Micro},
title = {Architectures for the Post-Moore Era},
year = {2017},
volume = {37},
number = {04},
issn = {1937-4143},
pages = {6-8},
keywords = {special issues and sections;moore's law;computer architecture;computational modeling;information technology;performance evaluation;market research},
doi = {10.1109/MM.2017.3211127},
publisher = {IEEE Computer Society},
address = {Los Alamitos, CA, USA},
month = {jul}
}

@misc{comptia2021ITindustry,
    author = "{CompTIA}",
    title = {IT Industry Outlook 2021},
    year = 2021,
    howpublished = {\url{https://connect.comptia.org/content/research/it-industry-trends-analysis}},
    note = {[Online; accessed 23-June-2021]}
}

@misc{economist2016aftermoores,
    author = {Cross, Tim},
    title = {After Moore's Law: double, double, toil and trouble},
    year = 2016,
    howpublished = {The Economist. \url{https://www.economist.com/technology-quarterly/2016-03-12/after-moores-law}},
    note = {[Online; accessed 23-June-2021]}
}

@article{peper2017end,
  title={The end of Moore’s law: opportunities for natural computing?},
  author={Peper, Ferdinand},
  journal={New Generation Computing},
  volume={35},
  number={3},
  pages={253--269},
  year={2017},
  publisher={Springer}
}

@article{pankratius2010guest,
  title={Guest Editors' Introduction: Parallelism on the Desktop},
  author={Pankratius, Victor and Schulte, Wolfram and Keutzer, Kurt},
  journal={IEEE Software},
  volume={28},
  number={1},
  pages={14--16},
  year={2010},
  publisher={IEEE}
}

@article{asanovic2009view,
  title={A view of the parallel computing landscape},
  author={Asanovic, Krste and Bodik, Rastislav and Demmel, James and Keaveny, Tony and Keutzer, Kurt and Kubiatowicz, John and Morgan, Nelson and Patterson, David and Sen, Koushik and Wawrzynek, John and others},
  journal={Communications of the ACM},
  volume={52},
  number={10},
  pages={56--67},
  year={2009},
  publisher={ACM New York, NY, USA}
}

@misc{intel2021processor,
    author = {Intel},
    title = {Intel Xeon W-3175X Processor},
    year = 2021,
    howpublished = {\url{https://ark.intel.com/content/www/us/en/ark/products/189452/intel-xeon-w-3175x-processor-38-5m-cache-3-10-ghz.html}},
    note = {[Online; accessed 25-June-2021]}
}

@misc{internetlivestats2021googelsearch,
    author = "{Internet Live Statistics}",
    title = {Google Search Statistics},
    year = 2021,
    howpublished = {\url{https://www.internetlivestats.com/google-search-statistics/}},
    note = {[Online; accessed 25-June-2021]}
}

@misc{worldometers2021,
    author = "{Worldometers}",
    title = {Society \& Media},
    year = 2021,
    howpublished = {\url{https://www.worldometers.info/}},
    note = {[Online; accessed 25-June-2021]}
}

@book{van2017distributed,
  title={Distributed systems},
  author={Van Steen, Maarten and Tanenbaum, Andrew S},
  year={2017},
  publisher={Maarten van Steen Leiden, The Netherlands}
}

@misc{ibm2020cloudcomputing,
    author = "{International Business Machines (IBM)}",
    title = {Cloud Computing},
    year = 2020,
    howpublished = {\url{https://www.ibm.com/cloud/learn/cloud-computing}},
    note = {[Online; accessed 6-July-2021]}
}

@article{waldrop2016chips,
  title={The chips are down for Moore’s law},
  author={Waldrop, M Mitchell},
  journal={Nature News},
  volume={530},
  number={7589},
  pages={144},
  year={2016}
}

@misc{krzyzanowski2020distributedsystems,
    author = {Krzyzanowski, Paul},
    title = {Distributed Systems},
    year = 2020,
    howpublished = {\url{https://www.cs.rutgers.edu/~pxk/417/notes/content/01-intro-slides.pdf}},
    note = {[Online; accessed 25-June-2021]}
}

@article{chen2021integrated,
  title={An integrated space-to-ground quantum communication network over 4,600 kilometres},
  author={Chen, Yu-Ao and Zhang, Qiang and Chen, Teng-Yun and Cai, Wen-Qi and Liao, Sheng-Kai and Zhang, Jun and Chen, Kai and Yin, Juan and Ren, Ji-Gang and Chen, Zhu and others},
  journal={Nature},
  volume={589},
  number={7841},
  pages={214--219},
  year={2021},
  publisher={Nature Publishing Group}
}

@misc{newscientist2020IBMquantum,
    author = {Aron, Jacob},
    title = {IBM unveils its first commercial quantum computer},
    year = 2020,
    howpublished = {New Scientist. \url{https://www.newscientist.com/article/2189909-ibm-unveils-its-first-commercial-quantum-computer/}},
    note = {[Online; accessed 12-July-2021]}
}

@misc{techcrunch2019EPYCprocessor,
    author = {Wilhelm, Alex},
    title = {Google and Twitter are using AMD’s new EPYC Rome processors in their data centers},
    year = 2019,
    howpublished = {Tech Crunch. \url{https://techcrunch.com/2019/08/07/google-and-twitter-are-using-amds-new-epyc-rome-processors-in-their-datacenters/}},
    note = {[Online; accessed 12-July-2021]}
}

@misc{time2020googledatacenterwater,
    author = {Sattiraju, Nikitha},
    title = {The Secret Cost of Google's Data Centers: Billions of Gallons of Water to Cool Servers},
    year = 2019,
    howpublished = {Time. \url{https://time.com/5814276/google-data-centers-water/}},
    note = {[Online; accessed 12-July-2021]}
}

@misc{forbes2020googleenergy,
    author = {Bryce, Robert},
    title = {How Google Powers Its ‘Monopoly’ With Enough Electricity For Entire Countries},
    year = 2020,
    howpublished = {Forbes. \url{https://www.forbes.com/sites/robertbryce/2020/10/21/googles-dominance-is-fueled-by-zambia-size-amounts-of-electricity/?sh=72dfd6d568c9}},
    note = {[Online; accessed 12-July-2021]}
}

@misc{mills2018bumpyroaddown,
    author = {Mills, Irv},
    title = {The Bumpy Road Down, Part 3},
    year = 2018,
    howpublished = {Damn the Matrix. \url{https://damnthematrix.wordpress.com/tag/financial/}},
    note = {[Online; accessed 20-July-2021]}
}

@book{cain2011ecology,
  title={Ecology},
  author={Cain, Michael L and Bowman, William D and Hacker, Sally D},
  year={2011},
  publisher={Sinauer Associates},
  address={Sunderland, MA}
}

@misc{britanica2012populationgrowth,
    author = {Encyclopedia Britanica},
    title = {Carrying capacity and exponential versus logistic population growth},
    year = 2012,
    howpublished = {\url{https://www.britannica.com/topic/exponential-growth#/media/1/198642/158213}},
    note = {[Online; accessed 20-July-2021]}
}

@misc{science2004reaganonscience,
    author = {Seife, Charles},
    title = {Reagan on Science},
    year = 2004,
    howpublished = {American Association for the Advancement of Science (AAAS). \url{https://www.sciencemag.org/news/2004/06/reagan-science}},
    note = {[Online; accessed 20-July-2021]}
}

@book{meadows2004limitsupdate,
  title={The Limits to Growth: The 30-Year Update},
  author={Meadows, Donella H},
  year={2004},
  publisher={Chelsea Green Publishing}
}

@misc{statista2021bigdata,
    author = "{Statista}",
    title = {Volume of data/information created, captured, copied, and consumed worldwide from 2010 to 2025},
    year = 2021,
    howpublished = {\url{https://www.statista.com/statistics/871513/worldwide-data-created/}},
    note = {[Online; accessed 21-July-2021]}
}

@misc{nationalgeographic2019anthropocene,
    author = "{National Geographic}",
    title = {Anthropocene},
    year = 2019,
    howpublished = {\url{https://www.nationalgeographic.org/encyclopedia/anthropocene/}},
    note = {[Online; accessed 23-July-2021]}
}

@misc{waynegoodey2014biology230,
    author = {Goodey, Wayne},
    title = {Biology 230 (Fundamentals of Ecology), Lecture Slides},
    year = 2014,
    note = {[Online; accessed 23-July-2021]}
}

@misc{arthurrock2009rockslaw,
    author = {Schofield, Jack},
    title = {When the chips are down},
    year = 2009,
    howpublished = {The Guardian. \url{https://www.theguardian.com/technology/2009/jul/29/computer-chips-moores-law}},
    note = {[Online; accessed 23-July-2021]}
}

@article{sugrue1995forget,
  title={“Forget about Your Inalienable Right to Work”: Deindustrialization and Its Discontents at Ford, 1950--1953},
  author={Sugrue, Thomas J},
  journal={International Labor and Working-Class History},
  volume={48},
  pages={112--130},
  year={1995},
  publisher={Cambridge University Press}
}

@misc{amazon2019openleter,
    author = "{Amazon Employees for Climate Justice}",
    title = {Open letter to Jeff Bezos and the Amazon Board of Directors},
    year = 2019,
    howpublished = {\url{https://amazonemployees4climatejustice.medium.com/public-letter-to-jeff-bezos-and-the-amazon-board-of-directors-82a8405f5e38}},
    note = {[Online; accessed 10-August-2021]}
}

@misc{mytton2019sustainabiliytransparency,
    author = {Mytton, David},
    title = {Sustainability doesn't work without transparency},
    year = 2019,
    howpublished = {CIO. 
    \url{https://www.cio.com/article/3454440/sustainability-doesnt-work-without-transparency.html}},
    note = {[Online; accessed 10-August-2021]}
}

@book{homer2001ingenuity,
  title={The ingenuity gap},
  author={Homer-Dixon, Thomas},
  year={2001},
  publisher={Vintage}
}

@article{jones2018stop,
  title={How to stop data centres from gobbling up the world's electricity},
  author={Jones, Nicola},
  journal={Nature},
  volume={561},
  number={7722},
  pages={163--167},
  year={2018},
  publisher={Nature Publishing Group}
}

@article{penzenstadler2018software,
  title={Software engineering for sustainability: Find the leverage points!},
  author={Penzenstadler, Birgit and Duboc, Leticia and Venters, Colin C and Betz, Stefanie and Seyff, Norbert and Wnuk, Krzsztof and Chitchyan, Ruzanna and Easterbrook, Steve M and Becker, Christoph},
  journal={IEEE Software},
  volume={35},
  number={4},
  pages={22--33},
  year={2018},
  publisher={IEEE}
}

@misc{un2003fao,
    author = "{Food and Agriculture Organization of the United Nations}",
    title = {Review of World Water Resources by Country},
    year = 2003,
    howpublished = {\url{http://www.fao.org/3/Y4473E/y4473e06.htm}}
}

@misc{cbc2021farmersrighttorepair,
    author = {Seskus, Tony},
    title = {Farmers seeking `right to repair' rules to fix their own tractors gain White House ally},
    year = 2021,
    howpublished = {Canadian Broadcasting Coroporation (CBC). \url{https://www.cbc.ca/news/business/biden-farmers-right-to-repair-1.6105394}},
    note = {[Online; accessed 21-July-2021]}
}

@misc{geologicalsociety2018,
    author = "{The Geological Society}",
    title = {Minerals in a Smartphone},
    year = 2018,
    howpublished = {\url{https://www.geolsoc.org.uk/~/media/shared/documents/education\%20and\%20careers/Resources/Posters/Minerals\%20in\%20a\%20smartphone\%20poster.pdf?la=en}},
    note = {[Online; accessed 8-September-2021]}
}

@misc{aspi2013tantalum,
    author = {Smith, Sabrina J},
    title = {The conflict mineral: coltan mining in DR Congo and Australia},
    year = 2013,
    howpublished = {Australian Strategic Policy Institute (ASPI). \url{https://www.aspistrategist.org.au/the-conflict-mineral-coltan-mining-in-dr-congo-and-australia/}},
    note = {[Online; accessed 8-September-2021]}
}

@misc{humanityaction2015tantalum,
    author = {Joseph-Gabriel, Daphn\'{e}},
    title = {Your Phone, Coltan and the Business Case for Innovative Sustainable Alternatives},
    year = 2015,
    howpublished = {Humanity in Action. \url{https://www.humanityinaction.org/knowledge_detail/your-phone-coltan-and-the-business-case-for-innovative-sustainable-alternatives/}},
    note = {[Online; accessed 8-September-2021]}
}

@phdthesis{flaviano2021global,
  title={Global supply chains, globalization and geopolitics: the smartphone in the post-pandemic world},
  author={Flaviano, Jules Lecadre},
  year={2021}
}

@misc{hbs2021arthurrock,
    author = "{Harvard Business School}",
    title = {Arthur Rock},
    year = 2021,
    howpublished = {\url{https://entrepreneurship.hbs.edu/founders/Pages/profile.aspx?num=24}},
    note = {[Online; accessed 17-September-2021]}
}